<record><leader>00000cas a22000007a 4500</leader><controlfield tag="001">12736861</controlfield><controlfield tag="008">851030d18221823pauwr ne      0    0eng d</controlfield><datafield ind1=" " ind2=" " tag="010"><subfield code="a">sn 87080080 </subfield></datafield><datafield ind1=" " ind2=" " tag="040"><subfield code="a">NPH</subfield><subfield code="b">eng</subfield><subfield code="c">NPH</subfield><subfield code="d">OCLCQ</subfield></datafield><datafield ind1=" " ind2=" " tag="042"><subfield code="a">msc</subfield></datafield><datafield ind1="0" ind2="0" tag="245"><subfield code="a">Carlisle Whig.</subfield></datafield><datafield ind1=" " ind2=" " tag="260"><subfield code="a">Carlisle, Pa. :</subfield><subfield code="b">M. Holcomb &amp; J. Tizzard</subfield></datafield><datafield ind1=" " ind2=" " tag="300"><subfield code="a">v.</subfield></datafield><datafield ind1=" " ind2=" " tag="310"><subfield code="a">Weekly</subfield></datafield><datafield ind1="1" ind2=" " tag="362"><subfield code="a">Began in 1822?; ceased in 1823.</subfield><subfield code="z">Cf. Gregory, W. Amer. newspapers.</subfield></datafield><datafield ind1=" " ind2=" " tag="580"><subfield code="a">Continued by: Democratic Republican (Carlisle, Pa.) (non-extant). Cf. NIM, 1978.</subfield></datafield><datafield ind1=" " ind2=" " tag="588"><subfield code="a">Description based on: Vol. 5, no. 19 (May 15, 1822).</subfield></datafield><datafield ind1=" " ind2=" " tag="752"><subfield code="a">United States</subfield><subfield code="b">Pennsylvania</subfield><subfield code="c">Cumberland</subfield><subfield code="d">Carlisle.</subfield></datafield><datafield ind1="1" ind2="0" tag="785"><subfield code="t">Democratic Republican (Carlisle, Pa.)</subfield></datafield><datafield ind1="1" ind2=" " tag="029"><subfield code="a">AU@</subfield><subfield code="b">000025810968</subfield></datafield></record>